@electronic{yoruba_language,
  author        = "Wikipedia",
  title         = "Yoruba language, Wikipedia",
  url           = "https://en.wikipedia.org/wiki/Yoruba\_language",
  month         = June,
  year          = "2004"}

@book{delano1969dictionary,
  title={A dictionary of {Yor{\`u}b{\'a}} monosyllabic verbs},
  author={Delano, Isaac O},
  volume={1},
  year={1969},
  publisher={Institute of African Studies, University of Ife}
}

@inproceedings{orife2018adr,
  title={Sequence-to-{Sequence} {Learning} for {Automatic} {Yor{\`u}b{\'a}} {Diacritic} {Restoration}},
  author={Orife, Iroro Fred \d{\`O}n\d{\`o}m\d{\`e}},
  booktitle={Proceedings of the Interspeech},
  pages={27--35},
  year={2018}
}

@inproceedings{adegbola2012quantifying,
  title={Quantifying the effect of corpus size on the quality of automatic diacritization of {Yor{\`u}b{\'a}} texts},
  author={Adegbola, Tunde and Odilinye, Lydia Uchechukwu},
  booktitle={Spoken Language Technologies for Under-Resourced Languages},
  pages={48--53},
  year={2012}}

@inproceedings{niekerk2012tone,
  title={Tone realisation in a {Yor{\`u}b{\'a}} speech recognition corpus},
  author={Niekerk, Daniel R van and Barnard, Etienne},
  booktitle={Proceedings of the 3rd International Workshop on Spoken Language Technologies for Under-Resourced Languages},
  pages={54--59},
  address = {Cape Town, South Africa},
  year={2012}
}

@inproceedings{cocks2011word,
  title={A word-based approach for diacritic restoration in {M{\=a}ori}},
  author={Cocks, John and Keegan, Te Taka},
  booktitle={Proceedings of the Australasian Language Technology Association Workshop 2011},
  pages={126--130},
  year={2011}}
  
@inproceedings{mihalcea2002letter,
  title={Letter level learning for language independent diacritics restoration},
  author={Mihalcea, Rada and Nastase, Vivi},
  booktitle={Proceedings of the 6th conference on Natural language learning-Volume 20},
  pages={1--7},
  year={2002},
  organization={Association for Computational Linguistics}}
  
@inproceedings{novak2015automatic,
  title={Automatic diacritics restoration for {Hungarian}},
  author={Nov{\'a}k, Attila and Sikl{\'o}si, Borb{\'a}la},
  year={2015},
  pages={2286--2291},
  booktitle={Proceedings of the 2015 Conference on Empirical Methods in Natural Language Processing}}
  
@inproceedings{ezeani2016automatic,
  title={Automatic {Restoration} of {Diacritics} for {Igbo} {Language}},
  author={Ezeani, Ignatius and Hepple, Mark and Onyenwe, Ikechukwu},
  booktitle={International Conference on Text, Speech, and Dialogue},
  pages={198--205},
  year={2016},
  organization={Springer}}

@inproceedings{raza2010automatic,
  title={Automatic diacritization for {Urdu}},
  author={Raza, Abbas and Hussain, Sarmad},
  booktitle={Proceedings of the Conference on Language and Technology},
  pages={105--111},
  year={2010}}
  
@electronic{bibeli_biblica,
  author        = "Biblica",
  title         = "B{\'i}b{\'e}l{\`i} M{\'i}m\d{\'o} n{\'i} {\`E}d{\`e} Yor{\`u}b{\'a} {\`O}de {\`O}n{\'i}",
  url           = "https://www.bible.com/bible/911/GEN.1.BMY",
  month         = April,
  year          = "2016"}


@electronic{bibeli_bsn,
  author        = "BSN",
  title         = "B{\'i}b{\'e}l{\`i} M{\'i}m\d{\'o} n{\'i} {\`E}d{\`e} Yor{\`u}b{\'a} {\`O}de {\`O}n{\'i}",
  url           = "https://www.bible.com/bible/911/GEN.1.BMY",
  month         = April,
  year          = "2016"}


@electronic{oluseye2003yoruba,
  author        = "Oluseye, Adesola",
  title         = "{Yor{\`u}b{\'a}}: {A} {Grammar} {Sketch}: {Version} 1.0",
  url           = "https://www.bible.com/bible/911/GEN.1.BMY",
  year          = "2003"}

@electronic{oweyoruba,
  author        = "Owomoyela, Oyekan",
  title         = "The Good Person: Excerpts from the {Yor{\`u}b{\'a}} Proverb Treasury",
  url           = "http://yoruba.unl.edu",
  year          = "2003"}

@article{asahiah2017restoring,
  title={Restoring tone-marks in standard {Yor{\`u}b{\'a}} electronic text: improved model},
  author={Asahiah, Franklin Oladiipo and Odejobi, Odetunji Ajadi and Adagunodo, Emmanuel Rotimi},
  journal={Computer Science},
  volume={18},
  number={3},
  pages = {301--315},
  issn = {2300-7036},
  url = {https://journals.agh.edu.pl/csci/article/view/2128},
  year={2017}}

@article{arslan2016deasciification,
  title={DeASCIIfication approach to handle diacritics in {Turkish} information retrieval},
  author={Arslan, Ahmet},
  journal={Information Processing \& Management},
  volume={52},
  number={2},
  pages={326--339},
  year={2016},
  publisher={Elsevier}}

@article{asubiaro2014effects,
  title={Effects of {Diacritics} on {Web} {Search} {Engines}},
  author={Asubiaro, Toluwase Victor},
  journal={Journal of Library and Information Sciences},
  volume={12},
  number={1},
  pages={1--19},
  year={2014},
  publisher={Department of Library and Information Science, National Taiwan University}}

@inproceedings{tursun2017noisy,
  title={Noisy {Uyghur} {Text} {Normalization}},
  author={Tursun, Osman and Cakici, Ruket},
  booktitle={Proceedings of the 3rd Workshop on Noisy User-generated Text},
  pages={85--93},
  year={2017}}
    
@article{scannell2011statistical,
  title={Statistical unicodification of {African} languages},
  author={Scannell, Kevin P},
  journal={Language resources and evaluation},
  volume={45},
  number={3},
  pages={375},
  year={2011},
  publisher={Springer}}
  
@article{wells2000orthographic,
  title={Orthographic diacritics and multilingual computing},
  author={Wells, JC},
  journal={Language problems and language planning},
  volume={24},
  number={3},
  pages={249--272},
  year={2000},
  publisher={John Benjamins Publishing Company}}
 
@article{vaswani2017attention,
  title={Attention Is All You Need},
  author={Vaswani, Ashish and Shazeer, Noam and Parmar, Niki and Uszkoreit, Jakob and Jones, Llion and Gomez, Aidan N and Kaiser, Lukasz and Polosukhin, Illia},
  journal={arXiv preprint arXiv:1706.03762},
  year={2017}}
  
@article{akinlabi2004sound,
  title={The sound system of {Yor{\`u}b{\'a}}},
  author={Akinlabi, Akinbiyi},
  journal={Lawal, N. Sadisu, MNO \& Dopamu, A (Eds.) Understanding Yoruba life and culture. Trento: Africa World Press Inc},
  pages={453--468},
  year={2004}}
  
@inproceedings{de2007automatic,
  title={Automatic diacritic restoration for resource-scarce languages},
  author={De Pauw, Guy and Wagacha, Peter W and De Schryver, Gilles-Maurice},
  booktitle={International Conference on Text, Speech and Dialogue},
  pages={170--179},
  year={2007},
  organization={Springer}} 

@incollection{NIPS2014_5346,
title = {Sequence to Sequence Learning with Neural Networks},
author = {Sutskever, Ilya and Vinyals, Oriol and Le, Quoc V},
booktitle = {Advances in Neural Information Processing Systems 27},
editor = {Z. Ghahramani and M. Welling and C. Cortes and N. D. Lawrence and K. Q. Weinberger},
pages = {3104--3112},
year = {2014},
publisher = {Curran Associates, Inc.},
url = {http://papers.nips.cc/paper/5346-sequence-to-sequence-learning-with-neural-networks.pdf}
}

@article{bahdanau2014neural,
  title={Neural Machine Translation by Jointly Learning to Align and Translate},
  author={Bahdanau, Dzmitry and Cho, Kyunghyun and Bengio, Yoshua},
  journal={arXiv preprint arXiv:1409.0473},
  year={2014}}

@inproceedings{opennmt,
  author    = {Guillaume Klein and
               Yoon Kim and
               Yuntian Deng and
               Jean Senellart and
               Alexander M. Rush},
  title     = {OpenNMT: Open-Source Toolkit for Neural Machine Translation},
  booktitle = {Proc. ACL},
  year      = {2017},
  url       = {https://doi.org/10.18653/v1/P17-4012},
  doi       = {10.18653/v1/P17-4012}}

@inproceedings{stolcke2002srilm,
  title={SRILM-an extensible language modeling toolkit},
  author={Stolcke, Andreas},
  booktitle={Seventh international conference on spoken language processing},
  year={2002}}
  
@inproceedings{agic-vulic-2019-jw300,
    title = {{JW}300: A Wide-Coverage Parallel Corpus for Low-Resource Languages},
    author = {Agi{\'c}, {\v{Z}}eljko and Vuli{\'c}, Ivan},
    booktitle = {Proceedings of the 57th Annual Meeting of the Association for Computational Linguistics},
    month = jul,
    year = {2019},
    address = {Florence, Italy},
    publisher = {Association for Computational Linguistics},
    url = {https://www.aclweb.org/anthology/P19-1310},
    doi = {10.18653/v1/P19-1310},
    pages = {3204--3210},
    abstract = {Viable cross-lingual transfer critically depends on the availability of parallel texts. Shortage of such resources imposes a development and evaluation bottleneck in multilingual processing. We introduce JW300, a parallel corpus of over 300 languages with around 100 thousand parallel sentences per language pair on average. In this paper, we present the resource and showcase its utility in experiments with cross-lingual word embedding induction and multi-source part-of-speech projection.},
}

@inproceedings{Asubiaro_langid,
author = {Asubiaro, Toluwase and Adegbola, Tunde and Mercer, Robert and Ajiferuke, Isola},
year = {2018},
month = {11},
pages = {},
title = {A Word-Level Language Identification Strategy for Resource-Scarce Languages},
volume = {55},
journal = {Proceedings of the Association for Information Science and Technology},
doi = {10.1002/pra2.2018.14505501004}
}
